<?xml version="1.0" encoding="UTF-8"?><collection xmlns="http://www.loc.gov/MARC21/slim"><record><leader>00394nam--2200121-i-4500</leader><controlfield tag="001">000022156</controlfield><controlfield tag="002">20161230</controlfield><controlfield tag="005">20161230201034</controlfield><controlfield tag="008">060222s1000------------r-----000-0-eng-d</controlfield><datafield ind1=" " ind2=" " tag="245"><subfield code="a">Index to reviews, symposia volumes and monographs in organic chemistry, for period 1940-1960</subfield></datafield><datafield ind1=" " ind2=" " tag="260"><subfield code="a">Oxford, Pergamon Press, 1962. Viii + 345p</subfield></datafield><datafield ind1=" " ind2=" " tag="700"><subfield code="a">Norman, Kharasch, W.Wolf And E.Harrison</subfield></datafield><datafield ind1=" " ind2=" " tag="852"><subfield code="a">18458</subfield></datafield></record></collection>